@online{KA_IOT,
  author  = {Jeff Elder},
  title   = {Como Kevin Ashton batizou a Internet das Coisas?},
  year    = 2019,
  url     = {https://blog.avast.com/pt-br/kevin-ashton-named-the-internet-of-things},
  urldate = {2021-01-28}
}

@online{OC_ARDUINO,
  author  = {Open Culture},
  title   = {Arduino Documentary: Open Source Hardware is Here},
  year    = 2011,
  url     = {https://www.openculture.com/2011/01/arduino_documentary_open_source_hardware_is_here.html},
  urldate = {2021-01-28}
}

@online{WIHART,
  author  = {},
  title   = {WirelessHART e o modelo OSI},
  year    = 2012,
  url     = {https://www.instrumatic.com.br/artigo/wirelesshart-e-o-modelo-osi},
  urldate = {2021-01-29}
}

@misc{lopezIOT,
  title        = {Uma introdução à Internet da Coisas (IoT)},
  howpublished = {\url{https://www.cisco.com/c/dam/global/pt_br/assets/brand/iot/iot/pdfs/lopez_research_an_introduction_to_iot_102413_final_portuguese.pdf}},
  organization = {Lopez Research LLC},
  note         = {Acessado em: 27 fev. 2020}
}

@article{sotres2017practical,
  title     = {Practical lessons from the deployment and management of a smart city internet-of-things infrastructure: The smartsantander testbed case},
  author    = {Sotres, Pablo and Santana, Juan Ram{\'o}n and S{\'a}nchez, Luis and Lanza, Jorge and Mu{\~n}oz, Luis},
  journal   = {IEEE Access},
  volume    = {5},
  pages     = {14309--14322},
  year      = {2017},
  publisher = {IEEE}
}

@article{zhang2015remote,
  title     = {A remote medical monitoring system for heart failure prognosis},
  author    = {Zhang, Liangqing and Yu, Cuirong and Jin, Chunrong and Liu, Dajin and Xing, Zongwen and Li, Qian and Li, Zhinan and Li, Qin and Wu, Yingxiao and Ren, Jie},
  journal   = {Mobile Information Systems},
  volume    = {2015},
  year      = {2015},
  publisher = {Hindawi}
}

@article{gungor2009industrial,
  title     = {Industrial wireless sensor networks: Challenges, design principles, and technical approaches},
  author    = {Gungor, Vehbi C and Hancke, Gerhard P},
  journal   = {IEEE Transactions on industrial electronics},
  volume    = {56},
  number    = {10},
  pages     = {4258--4265},
  year      = {2009},
  publisher = {IEEE}
}

@article{gomes2017estimaccao,
  title     = {Estima{\c{c}}{\~a}o de qualidade de enlace e aloca{\c{c}}{\~a}o din{\^a}mica de canais em redes de sensores sem fio industriais.},
  author    = {Gomes, Ruan Delgado and others},
  year      = {2017},
  publisher = {Universidade Federal de Campina Grande}
}

@article{ergen2004zigbee,
  title   = {ZigBee/IEEE 802.15. 4 Summary},
  author  = {Ergen, Sinem Coleri},
  journal = {UC Berkeley, September},
  volume  = {10},
  number  = {17},
  pages   = {11},
  year    = {2004}
}

@article{olsson20146lowpan,
  title   = {6LoWPAN demystified},
  author  = {Olsson, Jonas},
  journal = {Texas Instruments},
  volume  = {13},
  year    = {2014}
}

@article{sinha2017survey,
  title     = {A survey on LPWA technology: LoRa and NB-IoT},
  author    = {Sinha, Rashmi Sharan and Wei, Yiqiao and Hwang, Seung-Hoon},
  journal   = {Ict Express},
  volume    = {3},
  number    = {1},
  pages     = {14--21},
  year      = {2017},
  publisher = {Elsevier}
}

@article{gomes2020improving,
  title     = {Improving Link Reliability of IEEE 802.15. 4g SUN Networks with Adaptive Modulation Diversity},
  author    = {Gomes, Ruan Delgado and Tuset-Peir{\'o}, Pere and Vilajosana, Xavier},
  year      = {2020},
  publisher = {Preprints}
}

@inproceedings{tuset2020reliability,
  title        = {Reliability through modulation diversity: can combining multiple IEEE 802.15. 4-2015 SUN modulations improve PDR?},
  author       = {Tuset-Peir{\'o}, Pere and Adelantado, Ferran and Vilajosana, Xavier and Gomes, Ruan Delgado},
  booktitle    = {2020 IEEE Symposium on Computers and Communications (ISCC)},
  pages        = {1--6},
  year         = {2020},
  organization = {IEEE}
}

@inproceedings{chang2012ieee,
  title        = {The IEEE 802.15. 4g standard for smart metering utility networks},
  author       = {Chang, Kuor-Hsin and Mason, Bob},
  booktitle    = {2012 IEEE Third international conference on smart grid communications (SmartGridComm)},
  pages        = {476--480},
  year         = {2012},
  organization = {IEEE}
}

@inproceedings{wang2017performance,
  title        = {Performance of LoRa-based IoT applications on campus},
  author       = {Wang, Shie-Yuan and Chen, Yo-Ru and Chen, Tzu-Yang and Chang, Chia-Hung and Cheng, Yu-Hsiang and Hsu, Chun-Chia and Lin, Yi-Bing},
  booktitle    = {2017 IEEE 86th Vehicular Technology Conference (VTC-Fall)},
  pages        = {1--6},
  year         = {2017},
  organization = {IEEE}
}

@misc{pere2019,
  author       = {Pere Tuset, Xavier Vilajosana},
  title        = {openmote-fw},
  year         = {2019},
  publisher    = {GitHub},
  journal      = {GitHub repository},
  howpublished = {\url{https://github.com/openmote/openmote-fw}},
  commit       = {27850639416bb069038b051333488295fbc76b34}
}

@book{tanembaum2011,
  author    = {Tanembaum, A. and Wetherall, D.},
  title     = {Redes de Computadores},
  publisher = {Pearson Education},
  pages     = 582,
  note      = {Bibliografia: p. 10--18},
  isbn      = {978-85-7605-924-0},
  year      = {2011}
}

@article{mekki2019comparative,
  title     = {A comparative study of LPWAN technologies for large-scale IoT deployment},
  author    = {Mekki, Kais and Bajic, Eddy and Chaxel, Frederic and Meyer, Fernand},
  journal   = {ICT express},
  volume    = {5},
  number    = {1},
  pages     = {1--7},
  year      = {2019},
  publisher = {Elsevier}
}